<record><leader>00000cas a22000007a 4500</leader><controlfield tag="001">11378770</controlfield><controlfield tag="008">841113d18811918inuwr ne      0    0eng d</controlfield><datafield ind1=" " ind2=" " tag="010"><subfield code="a">sn 84045479 </subfield></datafield><datafield ind1=" " ind2=" " tag="040"><subfield code="a">NPI</subfield><subfield code="b">eng</subfield><subfield code="c">NPI</subfield><subfield code="d">OCLCQ</subfield></datafield><datafield ind1=" " ind2=" " tag="042"><subfield code="a">msc</subfield></datafield><datafield ind1="0" ind2="4" tag="245"><subfield code="a">The Public press.</subfield></datafield><datafield ind1=" " ind2=" " tag="260"><subfield code="a">New Albany, Ind. :</subfield><subfield code="b">Frank Gwin,</subfield><subfield code="c">1881-1918.</subfield></datafield><datafield ind1=" " ind2=" " tag="300"><subfield code="a">v. :</subfield><subfield code="b">ill. ;</subfield><subfield code="c">65 cm.</subfield></datafield><datafield ind1=" " ind2=" " tag="310"><subfield code="a">Weekly</subfield></datafield><datafield ind1="0" ind2=" " tag="362"><subfield code="a">June 22, 1881-June 12, 1918.</subfield></datafield><datafield ind1=" " ind2=" " tag="500"><subfield code="a">"Founded by Josiah Gwin."</subfield></datafield><datafield ind1=" " ind2=" " tag="500"><subfield code="a">Democrat. Cf. Miller.</subfield></datafield><datafield ind1=" " ind2=" " tag="752"><subfield code="a">United States</subfield><subfield code="b">Indiana</subfield><subfield code="c">Floyd</subfield><subfield code="d">New Albany.</subfield></datafield><datafield ind1="1" ind2=" " tag="029"><subfield code="a">AU@</subfield><subfield code="b">000025832372</subfield></datafield></record>